@misc {handhelds_toolchain,
    author = "Jamey Hicks",
    title = "Handhelds toolchain",
    howpublished = "\url{http://www.handhelds.org/download/projects/toolchain/}",
    year = "2008",
    month = "giugno"
}

@misc {openmoko_under_QEMU,
    title = "Openmoko under qemu",
    howpublished = "\url{http://wiki.openmoko.org/wiki/Openmoko_under_QEMU}",
    year = "2008",
    month = "giugno"
}
