@booklet{francesco_pistillo_tesi,
    author = "Francesco Pistillo",
    title = "Installazione ed estensione di linux su smartphone. Analisi delle problematiche con esempi applicativi sul dispositivo HTC Blueangel e il modulo  AODV-UU per reti wifi mesh",
    year = "2007",
    month = "dicembre",
    note = "Tesi"
}

@article {robert_love_inotify,
    author = "Robert Love",
    title = "Kernel korner - Intro to inotify",
    journal = "Linux journal",
    year = "2005",
    month = "Settembre"
}

@misc {taglib_home_page,
    author = "Scott Wheeler",
    title = "Taglib",
    howpublished = "\url{http://developer.kde.org/~wheeler/taglib.html}",
    year = "2008",
    month = "marzo",
    note = "home page"
}

@misc {sqlite3_home_page,
    author = "The SQLite Development Team",
    title = "Sqlite",
    howpublished = "\url{http://www.sqlite.org}",
    year = "2008",
    month = "marzo",
    note = "home page"
}

@misc {inotify_readme,
    author = "Robert Love",
    title = "Inotify readme",
    howpublished = "\url{http://www.kernel.org/pub/linux/kernel/people/rml/inotify/README}",
    year = "2008",
    month = "marzo"
}

@misc {fuse_home_page,
    author = "Miklos Szeredi",
    title = "Fuse",
    howpublished = "\url{http://fuse.sourceforge.net}",
    year = "2008",
    month = "marzo",
    note = "home page"
}

@misc {sumit_sing_develop_fuse,
    author = "Sumit Singh",
    title = "Develop your own filesystem with FUSE",
    year = "2006",
    month = "febbraio",
    howpublished = "\url{http://www.ibm.com/developerworks/linux/library/l-fuse}",
}

@misc {pytagsfs_home_page,
    author = "Forest Bond",
    title = "pyTagsFS",
    year = "2008",
    month = "marzo",
    howpublished = "\url{http://www.pytagsfs.org/FrontPage}",
    note = "home page"
}

@misc {tagsistant_home_page,
    author = "Tx0",
    title = "Tagsistant",
    year = "2008",
    month = "marzo",
    howpublished = "\url{http://www.tagsistant.net}",
    note = "home page"
}

@misc {roverto_de_ioris_fs,
    author = "Roberto De Ioris",
    title = "Linux Kernel Hacking: Un semplice filesystem",
    year = "2008",
    month = "marzo",
    howpublished = "\url{http://stacktrace.it/articoli/2008/03/linux-kernel-hacking-un-semplice-filesystem}"
}

@misc {ron_gilbert_MI1,
    author = "Ron Gilbert",
    title = "The secret of monkey island",
    year = "1990"
}

@misc {id3lib_home_page,
    author = "Dirk Mahoney",
    title = "Id3lib",
    year = "2008",
    month = "marzo",
    howpublished = "\url{http://id3lib.sourceforge.net}",
    note = "home page"
}

@misc {id3v2.4_frames,
    author = "M. Nilsson",
    title = "ID3v2.4.0 frames",
    year = "2000",
    month = "novembre",
    howpublished = "\url{http://www.id3.org/id3v2.4.0-frames}",
    note = "informal standard"
}

@misc {erlang_home_page,
    author = "Joe Armstrong",
    title = "Erlang",
    note = "Home page",
    month = "marzo",
    year = "2008",
    howpublished = "\url{http://erlang.org}"
}

@misc {fuserl_home_page,
    author = "Paul Mineiro",
    title = "FusErl",
    note = "Home page",
    month = "marzo",
    year = "2008",
    howpublished = "\url{http://code.google.com/p/fuserl}"
}

@misc {wmp_home_page,
    author = "Microsoft",
    title = "Windows Media Player",
    note = "Home page",
    month = "marzo",
    year = "2008",
    howpublished = "\url{http://www.microsoft.com}"
}

@misc {itunes_home_page,
    author = "Apple",
    title = "iTunes",
    note = "Home page",
    month = "marzo",
    year = "2008",
    howpublished = "\url{http://www.apple.com/it/itunes/overview}"
}

@misc {winamp_home_page,
    author = "Nullsoft",
    title = "Winamp",
    note = "Home page",
    month = "marzo",
    year = "2008",
    howpublished = "\url{http://www.winamp.com}"
}

@misc {songbird_home_page,
    author = "Pioneers of the Inevitable",
    title = "Songbird",
    note = "Home page",
    month = "marzo",
    year = "2008",
    howpublished = "\url{http://www.songbirdnest.com}"
}

@misc {banshee_home_page,
    author = "Aaron Bockover",
    title = "Banshee",
    note = "Home page",
    month = "marzo",
    year = "2008",
    howpublished = "\url{http://www.banshee-project.org}"
}

@misc {amarok_home_page,
    author = "???",
    title = "Amarok",
    note = "Home page",
    month = "marzo",
    year = "2008",
    howpublished = "\url{http://amarok.kde.org}"
}
