@misc {handhelds_toolchain,
    author = "Jamey Hicks",
    title = "Handhelds toolchain",
    howpublished = "\url{http://www.handhelds.org/download/projects/toolchain/}",
    year = "2008",
    month = "giugno"
}

@misc {openmoko_under_qemu,
    title = "Openmoko under qemu",
    howpublished = "\url{http://wiki.openmoko.org/wiki/Openmoko_under_QEMU}",
    year = "2008",
    month = "giugno"
}

@misc {arm_intel_mobile,
    title = "Uso di architettura arm o intel per il mobile",
    howpublished = "\url{http://en.wikipedia.org/wiki/Controversies_regarding_the_use_of_ARM_or_Intel_architectures_in_mobile_computers}",
    year = "2008",
    month = "giugno"
}

@misc {vmlinux_zimage,
    title = "Differenze tra vmlinu[x|z] e [[b]z]Image",
    howpublished = "\url{http://en.wikipedia.org/wiki/Vmlinux}",
    year = "2008",
    month = "giugno"
}

@misc {vmlinuz_definition,
    title = "vmlinuz definition",
    howpublished = "\url{http://www.linfo.org/vmlinuz.html}",
    year = "2005",
    month = "marzo",
    author = "Bellevue Linux"
}

@misc {haret_home_page,
    title = "Haret",
    howpublished = "\url{http://handhelds.org/moin/moin.cgi/HaRET}",
    author = "Andrew Zabolotny and Kevin O'Connor and Paul Sokolovsky",
    year = "2008",
    month = "giugno",
    comment = "home page"
}

@misc {mach_types_home_page,
    title = "mach-type",
    howpublished = "\url{http://www.arm.linux.org.uk/developer/machines/download.php}",
    author = "The ARM Linux Project",
    year = "2008",
    month = "agosto",
    comment = "home page"
}

@misc {das_u_boot_home_page,
    title = "Das U-Boot",
    howpublished = "\url{http://www.denx.de/wiki/U-Boot}",
    author = "DENX software engineering",
    year = "2008",
    month = "agosto",
    comment = "home page"
}

@misc {cegcc_home_page,
    title = "cegcc",
    howpublished = "\url{http://cegcc.sourceforge.net}",
    year = "2008",
    month = "agosto",
    comment = "home page"
}

@manual {assembler_intro,
    title = "Assembler intro",
    organization = "University of New South Wales",
    month = "febbraio",
    year = "2006"
}

@manual {gdb_intro,
    title = "Gdb intro",
    organization = "University of New South Wales",
    month = "febbraio",
    year = "2006"
}
